@misc{peterson2025,
  author = {Peterson, Jordan B.},
  title = {12 pravidel pro život},
  year = {2025},
  url = {https://www.jarosovi.cz/peterson-jordan-b-12-pravidel-pro-zivot/},
  note = {Accessed: 2025-03-20}
}

@misc{vos2025,
  author    = {{VOS Health}},
  title     = {Technika časových bloků: Zvyš svou produktivitu blok za blokem},
  year      = {2025},
  url       = {https://vos.health/cs/story/Technika-%C4%8Dasov%C3%BDch-blok%C5%AF:-Zvy%C5%A1-svou-produktivitu-blok-za-blokem},
  note      = {Accessed: 2025-03-20}
}

@misc{douglas2025,
  author = {{Douglas Magazine}},
  title = {Douglas Reads: Atomic Habits by James Clear},
  year = {2025},
  url = {https://douglasmagazine.com/douglas-reads-atomic-habits-by-james-clear/},
  note = {Accessed: 2025-03-20}
}

@misc{sobrief_atomic_habits,
  author    = {SoBrief},
  title     = {Atomic Habits - Shrnutí knihy},
  year      = {2025},
  url       = {https://sobrief.com/cs/books/atomic-habits},
  note      = {Accessed: 20 March 2025}
}

@misc{firebase2025,
  author    = "{Firebase Developers}",
  title     = "Structure Data in Firebase Realtime Database",
  year      = "2025",
  url       = "https://firebase.google.com/docs/database/web/structure-data",
  note      = "Accessed: March 29, 2025"
}
@misc{youtube1,
  author = {Learning Bot},
  title = {How to Create Circular Progress Bar in Android Studio},
  year = {2025},
  url = {https://www.youtube.com/watch?v=7BVg8_WR7h4},
  note = {Accessed: 2025-03-31}
}

@misc{youtube2,
  author = {ComputerBerry},
  title = {How to view data from SQLite Database in Android Studio (2021)},
  year = {2025},
  url = {https://www.youtube.com/watch?v=q0mp4krLZAQ},
  note = {Accessed: 2025-03-31}
}

@misc{youtube3,
  author = {Setvdza-San},
  title = {SQLite + Android - Create Database Schema (Book Library App) | Part 1},
  year = {2025},
  url = {https://www.youtube.com/watch?v=hJPk50p7xwA},
  note = {Accessed: 2025-03-31}
}

@misc{youtube4,
  author = {Setvdza-San},
  title = {SQLite + Android - Insert Data in Database Table (Book Library App) | Part 2},
  year = {2025},
  url = {https://www.youtube.com/watch?v=RGzblJuat1M&list=TLPQMzAwMzIwMjUggJ4Yy0oFdg&index=2},
  note = {Accessed: 2025-03-31}
}

@misc{youtube5,
  author = {Easy Tuto},
  title = {How to Integrate Google Sign In in Android | 2024},
  year = {2025},
  url = {https://www.youtube.com/watch?v=suVgcrPwYKQ&t=546s},
  note = {Accessed: 2025-03-31}
}

@misc{youtube6,
  author = {BatCodes},
  title = {Firebase Email Authentication in Android},
  year = {2025},
  url = {https://www.youtube.com/watch?v=ikfmhwvpDx4},
  note = {Accessed: 2025-03-31}
}

@misc{youtube7,
  author = {BatCodes},
  title = {Send Email Verification Link to User By Implementing 2 Lines of code in your Application | Firebase},
  year = {2025},
  url = {https://www.youtube.com/watch?v=2r-8xXXgpfU},
  note = {Accessed: 2025-03-31}
}

@misc{youtube8,
  author = {Easy Tuto},
  title = {How to connect Firebase to Android Studio App | 2024},
  year = {2025},
  url = {https://www.youtube.com/watch?v=KSW5jyWXs_Y},
  note = {Accessed: 2025-03-31}
}
